% use `texdoc biblatex` to get help
@www{zjuthesisrules,
    title = {浙江大学本科生毕业论文（设计）编写规则},
    author = {浙江大学本科生院},
    year = {2018},
    url = {http://bksy.zju.edu.cn/attachments/2018-01/01-1517384518-1149149.pdf},
}
@www{tikz,
    title = {tikz宏包},
    author = {Till Tantau},
    year = {2018},
    url = {https://sourceforge.net/projects/pgf/},
}
@www{zjuthesis,
    title = {浙江大学毕业设计/论文模板},
    author = {王子轩},
    year = {2019},
    url = {https://github.com/TheNetAdmin/zjuthesis},
}
@www{zjugradthesisrules,
    title = {浙江大学研究生学位论文编写规则},
    author = {浙江大学研究生院},
    year = {2008},
    url = {http://grs.zju.edu.cn/redir.php?catalog_id=10038&object_id=12877},
}
@article{kocher2020spectre,
  title={Spectre attacks: Exploiting speculative execution},
  author={Kocher, Paul and Horn, Jann and Fogh, Anders and Genkin, Daniel and Gruss, Daniel and Haas, Werner and Hamburg, Mike and Lipp, Moritz and Mangard, Stefan and Prescher, Thomas and others},
  journal={Communications of the ACM},
  volume={63},
  number={7},
  pages={93--101},
  year={2020},
  publisher={ACM New York, NY, USA}
}
@inproceedings{maisuradze2018ret2spec,
  title={ret2spec: Speculative execution using return stack buffers},
  author={Maisuradze, Giorgi and Rossow, Christian},
  booktitle={Proceedings of the 2018 ACM SIGSAC Conference on Computer and Communications Security},
  pages={2109--2122},
  year={2018}
}

@inproceedings{horn2018meltdown,
  title={Meltdown: Reading kernel memory from user space},
  author={Horn, Jann and Haas, Werner and Prescher, Thomas and Gruss, Daniel and Lipp, Moritz and Mangard, Stefan and Schwarz, Michael},
  booktitle={27th Security Symposium Security},
  volume={18},
  year={2018}
}

@misc{stecklina1806lazyfp,
  title={Lazyfp: Leaking FPU register state using microarchitectural side-channels. CoRR abs/1806.07480 (2018)},
  author={Stecklina, Julian and Prescher, Thomas},
  year={1806}
}

@inproceedings{yarom2014flush+,
  title={$\{$FLUSH+ RELOAD$\}$: A high resolution, low noise, l3 cache $\{$Side-Channel$\}$ attack},
  author={Yarom, Yuval and Falkner, Katrina},
  booktitle={23rd USENIX security symposium (USENIX security 14)},
  pages={719--732},
  year={2014}
}

@article{evtyushkin2018branchscope,
  title={Branchscope: A new side-channel attack on directional branch predictor},
  author={Evtyushkin, Dmitry and Riley, Ryan and Abu-Ghazaleh, Nael CSE and ECE and Ponomarev, Dmitry},
  journal={ACM SIGPLAN Notices},
  volume={53},
  number={2},
  pages={693--707},
  year={2018},
  publisher={ACM New York, NY, USA}
}

@inproceedings{bhattacharyya2019smotherspectre,
  title={Smotherspectre: exploiting speculative execution through port contention},
  author={Bhattacharyya, Atri and Sandulescu, Alexandra and Neugschwandtner, Matthias and Sorniotti, Alessandro and Falsafi, Babak and Payer, Mathias and Kurmus, Anil},
  booktitle={Proceedings of the 2019 ACM SIGSAC Conference on Computer and Communications Security},
  pages={785--800},
  year={2019}
}

@inproceedings{bruns2022efficient,
  title={Efficient cross-level processor verification using coverage-guided fuzzing},
  author={Bruns, Niklas and Herdt, Vladimir and Gro{\ss}e, Daniel and Drechsler, Rolf},
  booktitle={Proceedings of the Great Lakes Symposium on VLSI 2022},
  pages={97--103},
  year={2022}
}

@inproceedings{canakci2021directfuzz,
  title={Directfuzz: Automated test generation for rtl designs using directed graybox fuzzing},
  author={Canakci, Sadullah and Delshadtehrani, Leila and Eris, Furkan and Taylor, Michael Bedford and Egele, Manuel and Joshi, Ajay},
  booktitle={2021 58th ACM/IEEE Design Automation Conference (DAC)},
  pages={529--534},
  year={2021},
  organization={IEEE}
}

@inproceedings{hur2021difuzzrtl,
  title={Difuzzrtl: Differential fuzz testing to find cpu bugs},
  author={Hur, Jaewon and Song, Suhwan and Kwon, Dongup and Baek, Eunjin and Kim, Jangwoo and Lee, Byoungyoung},
  booktitle={2021 IEEE Symposium on Security and Privacy (SP)},
  pages={1286--1303},
  year={2021},
  organization={IEEE}
}

@inproceedings{kande2022thehuzz,
  title={$\{$TheHuzz$\}$: Instruction fuzzing of processors using $\{$Golden-Reference$\}$ models for finding $\{$Software-Exploitable$\}$ vulnerabilities},
  author={Kande, Rahul and Crump, Addison and Persyn, Garrett and Jauernig, Patrick and Sadeghi, Ahmad-Reza and Tyagi, Aakash and Rajendran, Jeyavijayan},
  booktitle={31st USENIX Security Symposium (USENIX Security 22)},
  pages={3219--3236},
  year={2022}
}

@inproceedings{laeufer2018rfuzz,
  title={RFUZZ: Coverage-directed fuzz testing of RTL on FPGAs},
  author={Laeufer, Kevin and Koenig, Jack and Kim, Donggyu and Bachrach, Jonathan and Sen, Koushik},
  booktitle={2018 IEEE/ACM International Conference on Computer-Aided Design (ICCAD)},
  pages={1--8},
  year={2018},
  organization={IEEE}
}

@inproceedings{moghimi2020medusa,
  title={Medusa: Microarchitectural data leakage via automated attack synthesis},
  author={Moghimi, Daniel and Lipp, Moritz and Sunar, Berk and Schwarz, Michael},
  booktitle={29th USENIX Security Symposium (USENIX Security 20)},
  pages={1427--1444},
  year={2020}
}

@article{xiao2019speechminer,
  title={SPEECHMINER: A framework for investigating and measuring speculative execution vulnerabilities},
  author={Xiao, Yuan and Zhang, Yinqian and Teodorescu, Radu},
  journal={arXiv preprint arXiv:1912.00329},
  year={2019}
}

@inproceedings{oleksenko2022revizor,
  title={Revizor: Testing black-box CPUs against speculation contracts},
  author={Oleksenko, Oleksii and Fetzer, Christof and K{\"o}pf, Boris and Silberstein, Mark},
  booktitle={Proceedings of the 27th ACM International Conference on Architectural Support for Programming Languages and Operating Systems},
  pages={226--239},
  year={2022}
}

@inproceedings{nemati2020validation,
  title={Validation of abstract side-channel models for computer architectures},
  author={Nemati, Hamed and Buiras, Pablo and Lindner, Andreas and Guanciale, Roberto and Jacobs, Swen},
  booktitle={Computer Aided Verification: 32nd International Conference, CAV 2020, Los Angeles, CA, USA, July 21--24, 2020, Proceedings, Part I 32},
  pages={225--248},
  year={2020},
  organization={Springer}
}

@inproceedings{hofmann2023speculation,
  title={Speculation at Fault: Modeling and Testing Microarchitectural Leakage of $\{$CPU$\}$ Exceptions},
  author={Hofmann, Jana and Vannacci, Emanuele and Fournet, C{\'e}dric and K{\"o}pf, Boris and Oleksenko, Oleksii},
  booktitle={32nd USENIX Security Symposium (USENIX Security 23)},
  pages={7143--7160},
  year={2023}
}

@inproceedings{fadiheh2020formal,
  title={A formal approach for detecting vulnerabilities to transient execution attacks in out-of-order processors},
  author={Fadiheh, Mohammad Rahmani and M{\"u}ller, Johannes and Brinkmann, Raik and Mitra, Subhasish and Stoffel, Dominik and Kunz, Wolfgang},
  booktitle={2020 57th ACM/IEEE Design Automation Conference (DAC)},
  pages={1--6},
  year={2020},
  organization={IEEE}
}

@inproceedings{ghaniyoun2021introspectre,
  title={Introspectre: A pre-silicon framework for discovery and analysis of transient execution vulnerabilities},
  author={Ghaniyoun, Moein and Barber, Kristin and Zhang, Yinqian and Teodorescu, Radu},
  booktitle={2021 ACM/IEEE 48th Annual International Symposium on Computer Architecture (ISCA)},
  pages={874--887},
  year={2021},
  organization={IEEE}
}

@inproceedings{hur2022specdoctor,
  title={SpecDoctor: Differential fuzz testing to find transient execution vulnerabilities},
  author={Hur, Jaewon and Song, Suhwan and Kim, Sunwoo and Lee, Byoungyoung},
  booktitle={Proceedings of the 2022 ACM SIGSAC Conference on Computer and Communications Security},
  pages={1473--1487},
  year={2022}
}

@inproceedings{van2018foreshadow,
  title={Foreshadow: Extracting the keys to the intel $\{$SGX$\}$ kingdom with transient $\{$Out-of-Order$\}$ execution},
  author={Van Bulck, Jo and Minkin, Marina and Weisse, Ofir and Genkin, Daniel and Kasikci, Baris and Piessens, Frank and Silberstein, Mark and Wenisch, Thomas F and Yarom, Yuval and Strackx, Raoul},
  booktitle={27th USENIX Security Symposium (USENIX Security 18)},
  pages={991--1008},
  year={2018}
}

@inproceedings{ragab2021rage,
  title={Rage against the machine clear: A systematic analysis of machine clears and their implications for transient execution attacks},
  author={Ragab, Hany and Barberis, Enrico and Bos, Herbert and Giuffrida, Cristiano},
  booktitle={30th USENIX Security Symposium (USENIX Security 21)},
  pages={1451--1468},
  year={2021}
}

@article{van2006cacheout,
  title={CacheOut: leaking data on Intel CPUs via cache evictions (2020)},
  author={van Schaik, S and Minkin, M and Kwong, A and Genkin, D and Yarom, Y},
  journal={arXiv preprint arXiv:2006.13353}
}

@article{mahajan2019augmenting,
  title={Augmenting American Fuzzy Lop to Increase the Speed of Bug Detection},
  author={Mahajan, Raviraj},
  year={2019},
  publisher={Technological University Dublin}
}

@inproceedings{song2020crfuzz,
  title={CrFuzz: Fuzzing multi-purpose programs through input validation},
  author={Song, Suhwan and Song, Chengyu and Jang, Yeongjin and Lee, Byoungyoung},
  booktitle={Proceedings of the 28th ACM Joint Meeting on European Software Engineering Conference and Symposium on the Foundations of Software Engineering},
  pages={690--700},
  year={2020}
}

@book{gonzalez2010processor,
  title={Processor microarchitecture: An implementation perspective},
  author={Gonzalez, Antonio and Latorre, Fernando and Magklis, Grigorios},
  volume={12},
  year={2010},
  publisher={Morgan \& Claypool Publishers}
}

@inproceedings{mathure2023hardware,
  title={Hardware Mitigation and Verification For Rogue In-Flight Data Load Attacks},
  author={Mathure, Nimish and Srinivasan, Sudarshan K and Ponugoti, Kushal K and Govindankutty, Arun},
  booktitle={2023 30th IEEE International Conference on Electronics, Circuits and Systems (ICECS)},
  pages={1--4},
  year={2023},
  organization={IEEE}
}

@inproceedings{van2021cacheout,
  title={CacheOut: Leaking data on Intel CPUs via cache evictions},
  author={Van Schaik, Stephan and Minkin, Marina and Kwong, Andrew and Genkin, Daniel and Yarom, Yuval},
  booktitle={2021 IEEE Symposium on Security and Privacy (SP)},
  pages={339--354},
  year={2021},
  organization={IEEE}
}

@online{riscv-test,
    author = {RISC-V Software},
    title = {riscv-tests},
    url = {https://github.com/sycuricon/riscv-tests-parafuzz},
    year = {2023}
}

@article{soltcascade,
  title={Cascade: CPU Fuzzing via Intricate Program Generation},
  author={Solt, Flavien and Ceesay-Seitz, Katharina and Razavi, Kaveh}
}

@inproceedings{xu2023morfuzz,
  title={$\{$MorFuzz$\}$: Fuzzing Processor via Runtime Instruction Morphing enhanced Synchronizable Co-simulation},
  author={Xu, Jinyan and Liu, Yiyuan and He, Sirui and Lin, Haoran and Zhou, Yajin and Wang, Cong},
  booktitle={32nd USENIX Security Symposium (USENIX Security 23)},
  pages={1307--1324},
  year={2023}
}

@article{watermanrisc,
  title={RISC-V 指令集手册},
  author={Waterman, Andrew and Lee, Yunsup and Avi{\v{z}}ienis, Rimas and Patterson, David and Asanovi{\'c}, Krste}
}

@online{razzle,
    author = {Liu Yiyuan},
    title = {razzle},
    url = {https://github.com/sycuricon/razzle},
    year = {2023}
}

@online{riscv-isa-sim,
    author = {RISC-V Software},
    title = {riscv-isa-sim},
    url = {https://github.com/riscv-software-src/riscv-isa-sim}
}

@online{starship,
    author = {Jinyan Xu},
    title = {starship},
    url = {https://https://github.com/sycuricon/starship/}
}


@inproceedings{celio2017boomv2,
  title={BOOMv2: an open-source out-of-order RISC-V core},
  author={Celio, Christopher and Chiu, Pi-Feng and Nikolic, Borivoje and Patterson, David A and Asanovic, Krste},
  booktitle={First Workshop on Computer Architecture Research with RISC-V (CARRV)},
  year={2017}
}

@article{zaruba2019cost,
  title={The cost of application-class processing: Energy and performance analysis of a Linux-ready 1.7-GHz 64-bit RISC-V core in 22-nm FDSOI technology},
  author={Zaruba, Florian and Benini, Luca},
  journal={IEEE Transactions on Very Large Scale Integration (VLSI) Systems},
  volume={27},
  number={11},
  pages={2629--2640},
  year={2019},
  publisher={IEEE}
}

@article{snyder2013verilator,
  title={Verilator: Open simulation-growing up},
  author={Snyder, Wilson},
  journal={DVClub Bristol},
  year={2013}
}

@online{riscv-isa-manual,
    title = {Risc-v isa manual (privileged)},
    url = {https://riscv.org/specifications/privileged-isa/}
}

@online{riscv-isa-manual-all,
    title = {Risc-v isa manual},
    url = {https://riscv.org/specifications/privileged-isa/}
}

@article{minkin2019fallout,
  title={Fallout: Reading kernel writes from user space},
  author={Minkin, Marina and Moghimi, Daniel and Lipp, Moritz and Schwarz, Michael and Van Bulck, Jo and Genkin, Daniel and Gruss, Daniel and Piessens, Frank and Sunar, Berk and Yarom, Yuval},
  journal={arXiv preprint arXiv:1905.12701},
  year={2019}
}

@inproceedings{van2019ridl,
  title={RIDL: Rogue in-flight data load},
  author={Van Schaik, Stephan and Milburn, Alyssa and {\"O}sterlund, Sebastian and Frigo, Pietro and Maisuradze, Giorgi and Razavi, Kaveh and Bos, Herbert and Giuffrida, Cristiano},
  booktitle={2019 IEEE Symposium on Security and Privacy (SP)},
  pages={88--105},
  year={2019},
  organization={IEEE}
}

@inproceedings{van2021cacheout,
  title={CacheOut: Leaking data on Intel CPUs via cache evictions},
  author={Van Schaik, Stephan and Minkin, Marina and Kwong, Andrew and Genkin, Daniel and Yarom, Yuval},
  booktitle={2021 IEEE Symposium on Security and Privacy (SP)},
  pages={339--354},
  year={2021},
  organization={IEEE}
}
 